
@online{euroCoasters,
  author = {Vladimir Gerlich},
  title = {Pivní tácky},
  year = 2023,
  url = {https://www.beer-coasters.eu},
  urldate = {2023-12-19}
}

@online{coasterExample,
  author = {Art. Lebedev Studio},
  title = {Art. Lebedev Studio website},
  year = 2023,
  url = {https://www.artlebedev.com/photo/2011/05/11/},
  urldate = {2023-12-19}
}

@article{postage,
  title={Postage Stamp Recognition System (PSRS)},
  author={Guancong Li},
  journal={International Journal of Signal Processing Systems},
  volume={2},
  number={2},
  pages={91--95},
  year={2014}
}

@INPROCEEDINGS{HotSpotter,
  author={Crall, Jonathan P. and Stewart, Charles V. and Berger-Wolf, Tanya Y. and Rubenstein, Daniel I. and Sundaresan, Siva R.},
  booktitle={2013 IEEE Workshop on Applications of Computer Vision (WACV)}, 
  title={HotSpotter — Patterned species instance recognition}, 
  year={2013},
  volume={},
  number={},
  pages={230-237},
  doi={10.1109/WACV.2013.6475023}}

@inproceedings{grocery,
  title={Fine-grained grocery product recognition by one-shot learning},
  author={Geng, Weidong and Han, Feilin and Lin, Jiangke and Zhu, Liuyi and Bai, Jieming and Wang, Suzhen and He, Lin and Xiao, Qiang and Lai, Zhangjiong},
  booktitle={Proceedings of the 26th ACM international conference on Multimedia},
  pages={1706--1714},
  year={2018}
}

@article{overview1,
  title={SIFT meets CNN: A decade survey of instance retrieval},
  author={Zheng, Liang and Yang, Yi and Tian, Qi},
  journal={IEEE transactions on pattern analysis and machine intelligence},
  volume={40},
  number={5},
  pages={1224--1244},
  year={2017},
  publisher={IEEE}
}

@article{overview2,
  title={Deep learning for instance retrieval: A survey},
  author={Chen, Wei and Liu, Yu and Wang, Weiping and Bakker, Erwin M and Georgiou, Theodoros and Fieguth, Paul and Liu, Li and Lew, Michael S},
  journal={IEEE Transactions on Pattern Analysis and Machine Intelligence},
  year={2022},
  publisher={IEEE}
}

@online{augmentation1,
  author = {Abid Ali Awan},
  title = {A Complete Guide to Data Augmentation},
  year = 2022,
  url = {https://www.datacamp.com/tutorial/complete-guide-data-augmentation?fbclid=IwAR3vMpymzZs_7BIzr6icZzWSmlX4AqnHmhM_RWtmw32gE5coSqzdNlwexF4},
  urldate = {2023-12-19}
}

@inproceedings{augmentation2,
  title={A close look at deep learning with small data},
  author={Brigato, Lorenzo and Iocchi, Luca},
  booktitle={2020 25th International Conference on Pattern Recognition (ICPR)},
  pages={2490--2497},
  year={2021},
  organization={IEEE}
}

@article{VLAD,
  title={Aggregating local image descriptors into compact codes},
  author={J{\'e}gou, Herv{\'e} and Perronnin, Florent and Douze, Matthijs and S{\'a}nchez, Jorge and P{\'e}rez, Patrick and Schmid, Cordelia},
  journal={IEEE transactions on pattern analysis and machine intelligence},
  volume={34},
  number={9},
  pages={1704--1716},
  year={2011},
  publisher={IEEE}
}

@online{VLAD-implementation,
  author = {Tim Hilt},
  title = {VLAD - implementation},
  year = 2021,
  url = {https://github.com/tim-hilt/vlad/tree/master},
  urldate = {2023-12-19}
}

@online{RMAC-implementation,
  author = {TFederico Magliani},
  title = {keras\_rmac\_plus},
  year = 2019,
  url = {https://github.com/fmaglia/keras_rmac_plus/tree/master},
  urldate = {2023-12-19}
}

@inproceedings{RMAC,
  title={An accurate retrieval through R-MAC+ descriptors for landmark recognition},
  author={Magliani, Federico and Prati, Andrea},
  booktitle={Proceedings of the 12th International Conference on Distributed Smart Cameras},
  pages={1--6},
  year={2018}
}

@article{CLAHE,
  title={Adaptive histogram equalization and its variations},
  author={Pizer, Stephen M and Amburn, E Philip and Austin, John D and Cromartie, Robert and Geselowitz, Ari and Greer, Trey and ter Haar Romeny, Bart and Zimmerman, John B and Zuiderveld, Karel},
  journal={Computer vision, graphics, and image processing},
  volume={39},
  number={3},
  pages={355--368},
  year={1987},
  publisher={Elsevier}
}

@article{RANSAC,
  title={Random sample consensus (ransac)},
  author={Cantzler, H},
  journal={Institute for Perception, Action and Behaviour, Division of Informatics, University of Edinburgh},
  volume={3},
  year={1981}
}

@online{gdrive,
  author = {David Pažout},
  title = {dataset Google Drive},
  year = 2023,
  url = {https://drive.google.com/drive/u/0/folders/1yGVfdQc7eryq0ctGnrMsVCRHP1Rgl8Wu},
  urldate = {2023-12-19}
}
